<?xml version="1.0" encoding="UTF-8"?><collection xmlns="http://www.loc.gov/MARC21/slim"><record><leader>00479nam--2200181-i-4500</leader><controlfield tag="001">000021661</controlfield><controlfield tag="002">20161230</controlfield><controlfield tag="005">20161230201034</controlfield><controlfield tag="008">060222s1000------------r-----000-0-eng-d</controlfield><datafield ind1=" " ind2=" " tag="040"><subfield code="a">IFIN-HH</subfield></datafield><datafield ind1=" " ind2=" " tag="080"><subfield code="a">539.12</subfield></datafield><datafield ind1="1" ind2=" " tag="100"><subfield code="a">Jackson, J.D</subfield></datafield><datafield ind1="1" ind2="0" tag="245"><subfield code="a">The physics of elementary particles</subfield><subfield code="c">J.d. jackson</subfield></datafield><datafield ind1=" " ind2=" " tag="260"><subfield code="a">Princeton</subfield><subfield code="b">University Press</subfield><subfield code="c">1958</subfield></datafield><datafield ind1=" " ind2=" " tag="300"><subfield code="a">VII + 135 P</subfield></datafield><datafield ind1=" " ind2=" " tag="490"><subfield code="a">Investigations In Physics</subfield></datafield><datafield ind1=" " ind2=" " tag="852"><subfield code="a">14889</subfield><subfield code="c">539.12</subfield></datafield><datafield ind1=" " ind2=" " tag="CAT"><subfield code="a">Sys</subfield><subfield code="c">20111102</subfield><subfield code="h">162559</subfield></datafield></record></collection>